@ARTICLE{artigo_aerospacial,
   author = {M. A. Lambert and S. R. Mirmira and L. S. Fletcher},
   title = {Design Graphs for Thermal Contact Conductance of Similar and Dissimilar Light Alloys},
   journal = {Journal of Thermophysics and Heat Transfer},
   volume = {20},
   number = 4,   
   pages = {809--816},
   year = {2006}
}

@BOOK{livro_heath,
	author = "Michael T. Heath",
	title = "Scientific Computing: an introductory survey",
	publisher = "McGraw Hill",
	year = "1997"
} 

@BOOK{livro_bessel,
   author = "Andrew Gray and G. B. Mathews",
   title = "A tratise on Bessel functions and their applications to physics",
   publisher = "Macmillan and Co.",
   address = "London",
   year = "1895"
} 

@BOOK{livro_madhusudana,
   author = "Chakravarti V. Madhusudana",
   title = "Thermal contact conductance",
   publisher = "Springer",
   address = "Sydney, Australia",
   year = "2014"
} 

@PHDTHESIS{tese_abreu,
   author = {L. A. S. Abreu},
   title = "Identificação de falhas de contato em compósitos laminados",
   school = "COPPE/UFRJ",
   address = "Rio de Janeiro, RJ, Brasil",
   type = {Tese de Doutorado},
   year = 2014
}

@PHDTHESIS{tese_camila,
	author = {Camila Ribeiro Lacerda},
	title = "Estimativa bidimensional transiente de resistências térmicas de contato pelo método do funcional de reciprocidade",
	school = "COPPE/UFRJ",
	address = "Rio de Janeiro, RJ, Brasil",
	type = {Tese de Doutorado},
	year = 2018
}

@PHDTHESIS{tese_fenech,
   author = "Henri Fenech",
   title = "Thermal conductance of mettalic surfaces in contact",
   school = "Massachusetts Institute of Technology",
   address = "E. U. A.",
   type = {Tese de Doutorado},
   year = 1959
}

@PHDTHESIS{tese_mikic,
   author = "Borivoje Budimira Miki\'c",
   title = "Thermal contact resistance",
   school = "Massachusetts Institute of Technology",
   address = "E. U. A.",
   type = {Tese de Doutorado},
   year = 1966
}

@ARTICLE{artigo_fenech,
   author = {H. Fenech and W. M. Rohsenow},
   title = {Prediction of Thermal Conductance of Metallic Surfaces in Contact},
   journal = {Journal of Heat Transfer},
   volume = {85},
   number = 1,   
   pages = {15--24},
   year = {1963}
}

@ARTICLE{artigo_clausing,
   author = {A. M. Clausing and B. T. Chao},
   title = {Thermal Contact Resistance in Vacuum Environment},
   journal = {Journal of Heat Transfer},
   volume = {87},
   number = 21,   
   pages = {243--250},
   year = {1965}
}

@ARTICLE{artigo_beck,
   author = {James V. Beck},
   title = {Determination of optimum, transient experiments for thermal contact conductance},
   journal = {International Journal of Heat and Mass Transfer},
   volume = {12},
   pages = {621--633},
   year = {1969}
}

@ARTICLE{artigo_madhusudana,
   author = {C. V. Madhusudana},
   title = {The effect of interface fluid on thermal contact conductance},
   journal = {International Journal of Heat and Mass Transfer},
   volume = {18},
   pages = {989--991},
   year = {1975}
}

@ARTICLE{artigo_astrabadi,
   author = {F. R. Al-Astrabadi and P. W. O’Callaghan and S. D. Probert},
   title = {Thermal Resistance of Contacts: Influence of Oxide Films},
   journal = {AIAA Paper 80-1467},
   year = {1980}
}

@ARTICLE{artigo_snaith,
   author = {B. Snaith and S. D. Probert and P. W. O'Callaghan},
   title = {Thermal Resistances of Pressed Contacts},
   journal = {Applied Energy},
   volume = {22},  
   pages = {31--84},
   year = {1986}
}

@ARTICLE{artigo_williamson,
   author = {M. Williamson and A. Majumdar},
   title = {Effect of Surface Deformations on Contact Conductance},
   journal = {Journal of Heat Transfer},
   volume = {114},
   number = 4,  
   pages = {802--810},
   year = {1992}
}

@ARTICLE{artigo_mcwaid,
   author = {T. H. McWaid and E. Marschall},
   title = {A comparison of elastic and plastic contact models for the prediction of thermal contact conductance},
   journal = {W\"arme - und Stoff\"ubertragung},
   volume = {28},
   number = 8,  
   pages = {441–448},
   year = {1993}
}

@ARTICLE{artigo_salgon,
   author = {J. J. Salgon and F. Robbe-Valloire and J. Blouet and J. Bransier},
   title = {A mechanical and geometrical approach to thermal contact resistance},
   journal = {International Journal of Heat and Mass Transfer},
   volume = {40},
   number = 5,  
   pages = {1121–1129},
   year = {1997}
}

@BOOK{livro_holm,
   author = "Ragnar Holm",
   title = "Electric Contacts: Theory and Application",
   publisher = "Springer-Verlag",
   year = "1967"
} 

@BOOK{livro_kaipio,
	author = "Jari Kaipio and Erkii Somersalo",
	title = "Statistical and Computational Inverse Problems",
	publisher = "Springer-Verlag",
	year = "2005",
	address = "New York",
} 

@ARTICLE{artigo_tomimura,
   author = {Toshio Tomimura and Toshihiro Kurozumi and Xing Zhang and Motoo Fujii},
   title = {Estimating the thermal contact conductance of metals by ultrasonic waves},
   journal = {Heat Transfer - Japanese Research},
   volume = {27},
   number = 2,  
   pages = {130--141},
   year = {1998}
}

@ARTICLE{artigo_huang,
   author = {Cheng-Hung Huang and Duen-Min Wang and Hsi-Mei Chen},
   title = {Prediction of local thermal contact conductance in plate finned-tube heat exchangers},
   journal = {Inverse Problems in Engineering},
   volume = {7},
   pages = {119--141},
   year = {1999}
}

@ARTICLE{artigo_huang_2,
   author = {C. H. Huang and G.C. Hsu and J.Y. Jang},
   title = {A nonlinear inverse problem for the prediction of local thermal contact conductance in plate finned-tube heat exchangers},
   journal = {Heat and Mass Transfer},
   volume = {37(4--5)},
   pages = {351--359},
   year = {2001}
}

@ARTICLE{artigo_yang,
   author = "Y. C. Yang",
   title = {Estimation of thermal contact resistance and thermally induced optical effects in single-coated optical fibers},
   journal = {Optics Communications},
   volume = {278},   
   number = 1,
   pages = {81--89},
   month = oct,
   year = 2007,
   publisher = "Elsevier"
}

@ARTICLE{artigo_box_muller,
	author = "G. E. P. Box and Mervin E. Muller",
	title = {A note on the generation of random normal deviates},
	journal = {Institute of Mathematical Statistics},
	volume = {29},   
	number = 2,
	pages = {610--611},
	month = jun,
	year = 1958
}

@ARTICLE{artigo_milosevic,
   author = {N. D. Milo\v{s}evi\'c and M. Raynaud and K. D. Magli\'c},
   title = {Estimation of thermal contact resistance between the materials of double-layer sample using the laser flash method},
   journal = {Inverse Problems in Science and Engineering},
   volume = {10},   
   number = 1,
   pages = {85--103},
   month = apr,
   year = 2002,
   publisher = "Taylor and Francis"
}

@ARTICLE{artigo_fieberg,
   author = {C. Fieberg and R. Kneer},
   title = {Determination of thermal contact resistance from transient temperature measurements},
   journal = {International Journal of Heat and Mass Transfer},
   volume = {51},   
   pages = {1017--1023},
   year = 2008,
   publisher = "Elsevier"
}

@ARTICLE{artigo_shoj,
   author = "M. H. Shojaeefard and K. Goudarzi and M. Sh. Mazidi",
   title = {Inverse heat transfer problem of thermal contact conductance estimation in periodically contacting surfaces},
   journal = {Journal of Thermal Science},
   volume = {18},   
   number = 2,
   pages = {150--159},
   month = jun,
   year = 2009,
   publisher = "Springer"
}

@CONFERENCE{trabalho_maia_1,
   author = {Cassio Roberto Macedo Maia and João Batista Aparecido and Luiz Fernando Milanez},
   title = {Heat transfer in laminar forced convection inside elliptical tube with boundary condition of first kind},
   booktitle = {Proceedings of 3rd European Thermal Sciences},
   volume = 1,
   page = 347,
   address = {Heidelberg, Germany},
   year = 2000
} 

@CONFERENCE{trabalho_maia_2,
   author = {Cassio Roberto Macedo Maia and João Batista Aparecido and Luiz Fernando Milanez},
   title = {Heat Transfer in Laminar Forced Convection inside Elliptical Cross Section Ducts with Boundary Condition of Second Kind},
   booktitle = {22nd Congresso Ibero-Latino Americano de Métodos Computacionais em Engenharia --- CILAMCE},
   volume = 1,
   page = 198,
   address = {Campinas,Brazil},
   year = 2001
}

@ARTICLE{artigo_deng,
   author = {S. Deng and Y. Hwang},
   title = {Applying neural networks to the solution of forward and inverse heat conduction problems},
   journal = {International Journal of Heat and Mass Transfer},
   volume = {49},   
   pages = {4732--4750},
   month = aug,
   year = {2006}
}

@ARTICLE{artigo_chen,
   author = {J. H. Chen},
   title = "A domain-extension radial basis function collocation method for heat transfer in irregular domains",
   journal = {Journal of the Chinese Institute of Engineers},
   volume = {32},
   number = 3,   
   pages = {319--326},
   year = {2009}
}

@ARTICLE{artigo_dai,
   author = {Y. J. Dai and X. H. Wu and W. Q. Tao},
   title = {Weighted least-squares collocation method (WLSCM) for 2-D and 3-D heat conduction problems in irregular domains},
   journal = {Numerical Heat Transfer, Part B: Fundamentals},
   volume = {59},
   number = 6,   
   pages = {473--494},
   year = {2011}
}

@ARTICLE{artigo_li,
   author = {Zeng-Yao Li and Zheng-Ji Chen and Xue-Hong Wu and Wen Quan Tao},
   title = {Coupled MLPG-FVM simulation of steady state heat conduction in irregular geometry},
   journal = {Engineering Analysis with Boundary Elements},
   volume = {000}, 
   pages = {1--11},
   year = {2018}
}

@ARTICLE{artigo_vishwakarma,
   author = {V. Vishwakarma and A.K. Das and P.K. Das},
   title = {Steady state conduction through 2D irregular bodies by smoothed particle hydrodynamics},
   journal = {International Journal of Heat and Mass Transfer},
   volume = {54}, 
   pages = {314--325},
   year = {2011}
}

@ARTICLE{artigo_heidari,
   author = {M. Heidari and M. Garshasbi},
   title = {Using Artificial Neural Networks in Solving Heat Conduction Problems},
   journal = {International Journal of Operations Research},
   volume = {12},
   number = 1,   
   pages = {16--20},
   year = {2015}
}

@ARTICLE{artigo_einsenhart,
   author = "Luther Pfahler Eisenhart",
   title = {Separable Systems of St\"ackel},
   journal = {Annals of Mathematics},
   volume = {35},   
   number = 2,
   pages = {284--305},
   month = apr,
   year = 1934
}

@ARTICLE{artigo_carson,
   author = "John R. Carson",
   title = {The Heaviside operational calculus},
   journal = {The Bell System Technical Journal},
   volume = {1},   
   issue = 2,
   pages = {43--55},
   month = nov,
   year = 1922
}

@ARTICLE{artigo_einsenhart_2,
   author = "Luther Pfahler Eisenhart",
   title = {St\"ackel Systems in Conformal Euclidean Space},
   journal = {Annals of Mathematics},
   volume = {36},   
   number = 1,
   pages = {57--70},
   month = jan,
   year = 1935
}

@ARTICLE{artigo_moon,
   author = "Parry Moon and Domina Eberle Spencer",
   title = {Recent Investigations of the Separation of Laplace's Equation},
   journal = {Proceedings of the American Mathematical Society},
   volume = {4},   
   number = 3,
   pages = {302--307},
   month = apr,
   year = 1953
}

@ARTICLE{artigo_doetsch,
   author = "Gustav Doetsch",
   title = {Integration yon Differentialgleichungen vermittels der endlichen Fourier-Transformation},
   journal = {Mathematische Annalen},
   volume = {112},   
   number = 1,
   pages = {52--68},
   month = dec,
   year = 1936
}

@ARTICLE{artigo_sneddon,
   author = "Ian N. Sneddon",
   title = {Finite Hankel transforms},
   journal = {The London, Edinburgh, and Dublin Philosophical Magazine and Journal of Science: Series 7},
   volume = {37},   
   number = 264,
   pages = {17--25},
   year = 1946,
   publisher = {Taylor \& Francis}
}

@ARTICLE{artigo_aparecido,
   author = {J. P. Aparecido and R. M. Cotta and M. N. \"Ozi\c{s}ik},
   title = {Analytical solutions to two-dimensional diffusion type problems in irregular geometries},
   journal = {Journal of the Franklin Institute},
   volume = {326},   
   pages = {421--434},
   year = 1989
}

@ARTICLE{artigo_aparecido_2,
   author = {J. P. Aparecido and R. M. Cotta},
   title = {Laminar flow inside hexagonal ducts},
   journal = {Computational Mechanics},
   volume = {6},   
   pages = {93--100},
   year = 1990
}

@ARTICLE{artigo_aparecido_3,
   author = {J. P. Aparecido and R. M. Cotta},
   title = {Laminar thermally developing flow inside right triangular ducts},
   journal = {Applied Scientific Research},
   volume = {49},   
   pages = {355--368},
   year = 1992
}

@ARTICLE{artigo_perez,
   author = {J. S. Pérez Guerrero and J. N. N. Quaresma and R. M. Cotta},
   title = {Simulation of laminar flow inside ducts of irregular geometry using integral transforms},
   journal = {Computational Mechanics},
   volume = {25},   
   pages = {413--420},
   year = 2000
}

@ARTICLE{artigo_fausto,
   author = {Fausto A.A. Barbuto and Renato Machado Cotta},
   title = {Integral transformation of elliptic problems within irregular domains - Fully developed channel flow},
   journal = {International Journal for Numerical Methods for Heat \& Fluid Flow},
   volume = {7},   
   number = 8,
   pages = {778--793},
   year = {1997}
}

@ARTICLE{artigo_frankel,
   author = "S. P. Frankel",
   title = {Convergence Rates of Iterative Treatments of Partial Differential Equations},
   journal = {Mathematics of Conputation},
   volume = {4},   
   pages = {65--75},
   year = 1950
}

@ARTICLE{artigo_fedorenko,
   author = "R. P. Fedorenko",
   title = {The speed of convergence of one iterative process},
   journal = {USSR Computational Mathematics and Mathematical Physics},
   volume = {4},
   issue = {3},   
   pages = {227--235},
   year = 1964
}

@ARTICLE{artigo_mathematica,
   author = {Renato M. Cotta and Diego C. Knupp and Carolina P. Naveira-Cotta and Leandro A. Sphaier and João N. N. Quaresma},
   title = {Unified Integral Transforms Algorithm for Solving Multidimensional Nonlinear Convection-Diffusion Problems},
   journal = {Numerical Heat Transfer, Part A},
   volume = {63},   
   pages = {840--866},   
   year = 2013
}

@ARTICLE{artigo_thompson,
   author = {Joe F. Thompson and Frank C. Thames and C. Wayne Mastin},
   title = {TOMCAT - A Code for Numerical Generation of Coordinate Systems on Fields Containing of Arbitrary Two-Dimensional Bodies},
   journal = {Journal of Computational Physics},
   volume = {24},   
   pages = {274--302},   
   year = 1977
}

@ARTICLE{artigo_langer,
   author = {Rudolph E. Langer},
   title = {Part 2: Fourier's Series: The Genesis and Evolution of a Theory},
   journal = {The American Mathematical Monthly},
   volume = {54},   
   number = 7,
   pages = {4--45},   
   year = 1947
}

@ARTICLE{artigo_sturm,
   author = {C. Sturm and J. Liouville},
   title = {Extrait d'un Mémoire sur le développement des fonctions en séries dont les différents
   termes sont assujettis à satisfaire à une même équation différentielle linéaire,
   contenant un paramètre variable},
   journal = {Journal de Mathématiques Pures et Appliquées},
   volume = {2},   
   pages = {220--223},   
   year = 1837
}

@ARTICLE{artigo_richardson,
   author = {L. F. Richardson},
   title = {The Approximate Arithmetical Solution by Finite Differences of Physical
Problems involving Differential Equations, with an Application to the
Stresses in a Masonry Dam},
   journal = {Philosophical Transactions of The Royal Society},
   volume = {210},   
   pages = {307--357},   
   year = 1910
}

@ARTICLE{artigo_liouville,
   author = {J. Liouville},
   title = {Second Mémoire sur le développement des fonctions ou parties
de fonctions en séries dont les divers termes sont assujétis
à satisfaire à une même équation différentielle du second
ordre, contenant un paramètre variable},
   journal = {Journal de Mathématiques Pures et Appliquées},
   volume = {2},   
   pages = {16--35},   
   year = 1837
}

@ARTICLE{artigo_olcer,
   author = {N. Y. \"Ol\c{c}er},
   title = {Unsteady Temperature Distribution in a Sphere Subjected to Time-Dependent Surface Heat Flux and Internal Heat Source},
   journal = {Journal of Heat Transfer},
   volume = {91},   
   pages = {45--50},   
   year = {1969}
}

@ARTICLE{artigo_murray,
   author = {M. N. \"Ozi\c{s}ik and R. L. Murray},
   title = {On the Solution of Linear Diffusion Problems With Variable Boundary Condition Parameters},
   journal = {Journal of Heat Transfer},
   volume = {96(1)},   
   pages = {48--51},
   month = feb,   
   year = {1974}
}

@BOOK{livro_algwaiz,
   author = "M. A. Al-Gwaiz",
   title = "Sturm-Liouville Theory and its Applications",
   publisher = "Springer",
   address = "London",
   year = "2008"
} 

@BOOK{livro_tranter,
   author = "C. J. Tranter",
   title = "Integral transforms in mathematical physics",
   publisher = {John Wiley \& Sons},
   address = "New York",
   year = "1951"
} 

@BOOK{livro_axler,
   author = "Sheldon Axler",
   title = "Linear Algebra Done Right",
   publisher = "Springer",
   year = "2015"
} 

@BOOK{livro_numerical_grid,
   author = "Joe F. Thompson and Z. U. A. Warsi and C. Wayne Mastin",
   title = "Numerical Grid Generation: Foundations and Applications",
   publisher = "North-Holland",
   address = "Mississippi, USA",
   year = "1985"
} 

@BOOK{livro_integral_transforms_cotta,
   author = "Renato Machado Cotta",
   title = "Integral Transforms in Computational Heat and Fluid Flow",
   publisher = "CRC Press",
   address = "Boca Raton",
   year = "1993"
}

@BOOK{livro_brown,
   author = "James Ward Brown and Ruel V. Churchill",
   title = "Complex variables and applications",
   publisher = "McGraw-Hill Higher Education",
   edition = 8,
   year = "2009"
}  

@BOOK{livro_unified,
   author = {M. D. Mikhailov and M. N. \"Ozi\c{s}ik},
   title = "Unified Analysis and Solutions of Heat and Mass Diffusion",
   publisher = "Dover Publications",
   address = "New York",
   year = "1984"
} 

@BOOK{livro_yavetz,
   author = "Ido Yavetz",
   title = "From Obscurity to Enigma: The Work of Oliver Heaviside, 1872-1889",
   publisher = "Birkhauser Verlag",
   address = "Switzerland",
   year = "1995"
} 

@BOOK{livro_maliska,
   author = "Clovis R. Maliska",
   title = "Transferência de Calor e Mecânica dos Fluidos Computacional",
   publisher = "LTC Editora",
   edition = 2,
   year = "2004"
} 

@BOOK{livro_moon,
   author = "Parry Moon and Domina Eberle Spencer",
   title = "Field Theory Handbook",
   publisher = "Springer-Verlag",
   year = "1961"
} 

@BOOK{livro_cauchy,
   author = "Gauthier-Villars",
   title = "Oeuvres compl\`etes d'Augustin Cauchy, 1re Séries - Tome VIII",
   publisher = "Bureau des longitudes de l'\'ecole polytechnique",
   year = "1893",
   address = {Paris}
} 

@BOOK{livro_integral_transforms,
   author = "Lokenath Debnath and Dambaru Bhatta",
   title = "Integral Transforms and Their Applications",
   publisher = "CRC Press",
   address = "Boca Raton",
   edition = 3,
   year = "2015"
} 

@BOOK{livro_holman,
   author = "J. P. Holman",
   title = "Transferência de Calor",
   publisher = "McGraw-Hill",
   address = "São Paulo",
   year = "1983"
} 

@BOOK{livro_fourier,
   author = "Joseph Fourier",
   title = "Analytical theory of heat",
   publisher = "Cambridge University Press",
   address = "London",
   year = "1878"
} 

@BOOK{livro_tanehill,
   author = "John C. Tannehill and Dale A. Anderson and Richard H. Pletcher",
   title = "Computational Fluid Mechanics and Heat Transfer",
   publisher = "Taylor and Francis",
   year = "1997"
} 

@BOOK{livro_agarwal,
   author = "Ravi P. Agarwal and Syamal K. Sen",
   title = "Creators of Mathematical and Computational Sciences",
   publisher = "Springer International Publishing",
   year = "2014"
} 

@BOOK{livro_carslaw,
   author = "H. S> Carslaw and J. C. Jaeger",
   title = "Conduction of heat in solids",
   publisher = "Oxford University Press",
   address = "London",
   year = "1959"
} 

@BOOK{livro_schaum,
   author = "Murray R. Spiegel",
   title = "Manual de Fórmulas e Tabelas Matemáticas",
   publisher = "McGraw-Hill",
   address = "São Paulo",
   year = "1973"
} 

@BOOK{livro_feoktistov,
   author = "Vitaliy Feoktistov",
   title = "Differential evolution in search of solutions",
   volume = 5, 
   edition = "1",
   address = "New York, NY",
   publisher = "Springer",
   year = "2006"
} 

@BOOK{livro_neha,
   author = "Heha Yadav and Anupam Yadav and Manoj Kumar",
   title = "An Introduction to Neural Network Methods for Differential Equations",
   address = "New York, NY",
   publisher = "Springer",
   year = "2015"
} 

@BOOK{livro_boyce,
   author = "William E. Boyce and Richard C. {Di Prima}",
   title = "Equações diferenciais elementares e problemas de valores de contorno",
   edition = "1",
   address = "Rio de Janeiro, RJ",
   publisher = "Guanabara Koogan",
   year = "1994"
} 

@BOOK{livro_stewart_1,
	author = "James Stewart",
	title = "Cálculo Volume 1",
	edition = "7",
	address = "São Paulo, SP",
	publisher = "Cencage Learning",
	year = "2014"
} 

@BOOK{livro_stewart_2,
	author = "James Stewart",
	title = "Cálculo Volume 2",
	edition = "7",
	address = "São Paulo, SP",
	publisher = "Cencage Learning",
	year = "2014"
} 

@BOOK{livro_ledoux,
   author = "Veerle Ledoux",
   title = {Study of Special Algorithms for solving Sturm-Liouville and Schr\"odinger Equations},
   address = "Deutschland",
   publisher = "Faculteit Wetenschappen",
   year = "2006-2007"
}

@BOOK{livro_cotta,
   author = "R. M. Cotta",
   title = "Integral Transforms in Computational Heat and Fluid Flow",
   edition = "1",
   address = "Boca Raton, Florida",
   publisher = "CRC Press",
   year = "1993"
}

@INPROCEEDINGS{neural_artc2,
   author = "Marek Wojciechowski",
   title = {Solving Differential Equations by Means of Feed-Forward Artificial Neural Networks},
   booktitle = {Artificial Intelligence and Soft Computing},
   pages = {187--195},
   year = 2012
}

@ARTICLE{cotta_irreg,
   author = "J. S. Perez Guerrero and J. N. N. Quaresma and R. M. Cotta",
   title = {Simulation of laminar flow inside ducts of irregular geometry using integral transforms},
   journal = {Computational Mechanics},
   volume = {25},   
   pages = {413--420},
   month = may,
   year = 1999
}

@ARTICLE{neural_artc,
   author = "Lucie P. Aarts and Peter {Van der Veer}",
   title = {Neural Network Method for Solving Partial Differential Equations},
   journal = {Neural Processing Letters},
   volume = {14},   
   pages = {261--271},
   month = jul,
   year = 2001
}

@ARTICLE{reciproc_1,
   author = "M. J. Colaço and C. J. S. Alves and F. Bozzoli",
   title = {The reciprocity function approach applied to the non-intrusive estimation of spatially varying internal heat transfer
   coefficients in ducts: numerical and experimental results},
   journal = {International Journal of Heat and Mass Transfer},
   volume = {90},   
   pages = {1221--1231},
   month = jul,
   year = 2015
}

@INPROCEEDINGS{reciproc_2,
   author = "M. J. Colaço and C. J. S. Alves",
   title = "Estimation of unknown contact resistance by means of reciprocity function approach",
   booktitle = "European Congress on Computational Methods in Applied Sciences and Engineering -- ECCOMAS",
   pages = "10--14",
   address = "Austria, Vienna",
   month = sep,   
   year = 2012
}

@ARTICLE{reciproc_3,
   author = "M. J. Colaço and C. J. S. Alves",
   title = {A fast non-intrusive method for estimating spatial thermal conductivity by means of the reciprocity functional approach
   and the method of fundamental solutions},
   journal = {International Journal of Heat and Mass Transfer},
   volume = {60},   
   pages = {653--663},
   year = 2013,
   publisher = "Elsevier"
}

@ARTICLE{artigo_marin,
   author = "L. Marin",
   title = {A Meshless Method for Solving the Cauchy Problem Three-Dimensional Elastostatics},
   journal = {Computers and Mathematics with Applications},
   volume = {50},   
   pages = {73--92},
   year = 2005,
   publisher = "Elsevier"
}

@PHDTHESIS{tese_sphaier,
   author = "Leandro Alcoforado Sphaier",
   title = "Transformação integral de problemas difusivos em domínios irregulares: computação mista simbólico-numérica",
   school = "COPPE/UFRJ",
   address = "Rio de Janeiro, RJ, Brasil",
   type = {Dissertação de Mestrado},
   year = 2000
}

@PHDTHESIS{tese_antonini,
   author = "Thiago Antonini Alves",
   title = "Aplicação da Transformada Integral e da Transformação Conforme na Solução de uma Classe de Problemas Difusivo-Convectivos em Domínios de Geometrias Não-Convencionais",
   school = "UNESP",
   address = "Ilha Solteira, RJ, Brasil",
   type = {Dissertação de Mestrado},
   year = 2006
}


@PHDTHESIS{tese_padilha,
   author = "R. S. Padilha",
   title = "Uma formulação analítica para a estimativa não intrusiva de condutâncias térmicas de contato usando o conceito do funcional de reciprocidade",
   school = "COPPE/UFRJ",
   address = "Rio de Janeiro, RJ, Brasil",
   type = "Tese de Doutorado",
   year = 2016
}

@BOOK{livro_helcio,
   author = {M. N. \"Ozi\c{s}ik and H. R. B. Orlande},
   title = "Inverse heat transfer: fundamentals and applications",
   address = "New York",
   publisher = "Taylor and Francis",
   year = "2000"
}

@BOOK{livro_ozisik,
   author = {M. Necati \"Ozi\c{s}ik},
   title = "Heat conduction, 2nd Edition",
   address = "New York",
   publisher = "John Wiley and Sons",
   year = "1993"
}

@BOOK{livro_beck_1,
   author = "J. V. Beck and K. J. Arnold",
   title = "Parameter estimation in engineering and science",
   publisher = {John Wiley \& Sons},
   year = "1977"
}

@BOOK{livro_beck_2,
   author = "J. V. Beck and B. Blackwell and C. R. {St. Clair}",
   title = "Inverse heat conduction: ill-posed problems",
   address = "New York",
   edition = 1,
   publisher = "Wiley Interscience",
   year = "1985"
}

@BOOK{livro_alifanov,
   author = "O. M. Alifanov",
   title = "Inverse heat transfer problems",  
   publisher = "Springer-Verlag",
   year = "1994"
}

@ARTICLE{artigo_alifanov,
   author = "O. M. Alifanov",
   title = {Solution of an inverse problem of heat conduction by iteration method},
   journal = {Journal of Engineering Physics and Thermophysics},
   volume = {26},   
   number = 4,
   pages = {682--689},
   month = apr,
   year = 1974
}

@BOOK{livro_tikonov,
   author = "A. N. Tikhonov and V. Y. Arsenin",
   title = "Solution of ill-posed problems",  
   publisher = {Winston \& Sons},
   year = "1977",
   address = "Washington, DC"
}

@BOOK{livro_bem,
   author = "C. A. Brebbia and S. Walker",
   title = "Boundary Element Techniques in Engineering",  
   publisher = {Newnes-Butterworths},
   year = "1980",
   address = "London, UKC"
}

@ARTICLE{artigo_kumar,
   author = "S. S. Kumar and K. Ramamurthi",
   title = {Thermal contact conductance of pressed contacts at low temperatures},
   journal = {Cryogenics},
   volume = {44},   
   number = 10,
   pages = {727--734},
   month = oct,
   year = 2004,
   publisher = "Elsevier"
}

@ARTICLE{artigo_gill,
   author = "J. Gill and E. Divo and A. J. Kassab",
   title = {Estimating thermal contact resistance using sensitivity analysis and regularization},
   journal = {Engineering Analysis with Boundary Elements},
   volume = {33},   
   number = 1,
   pages = {54--62},
   month = jan,
   year = 2009,
   publisher = "Elsevier"
}

@ARTICLE{artigo_andrieux,
   author = "S. Andrieux and A. {Ben Abda}",
   title = {The reciprocity gap: a general concept for flaws identification problems},
   journal = {Mechanics Research Communications},
   volume = {20},   
   number = 5,
   pages = {415--420},
   month = sep,
   year = 1993,
   publisher = "Elsevier"
}

@ARTICLE{artigo_abreu_1,
   author = "L. A. S. Abreu and M. J. Colaço and C. J. S. Alves and et al.",
   title = {A comparison of two inverse problem techniques for the identification of contact failures in multi-layered composites},
   journal = {22 nd International Congress of Mechanical Engineering – COBEM},
   year = 2013
}

@ARTICLE{artigo_abreu_2,
   author = "L. A. S. Abreu and M. J. Colaço and C. J. S. Alves and et al.",
   title = {A non-intrusive inverse problem technique for the identification of contact failures in double-layered composites},
   journal = {15th International Heat Transfer Conference - IHTC-15, IHTC15-9532},
   year = 2014,
   month = aug,
   address = "Kyoto, Japan"
}

@ARTICLE{artigo_abreu_3,
   author = "L. A. S. Abreu and M. J. Colaço and Helcio R. B. Orlande and C. J. S. Alves",
   title = {Thermography detection of contact failures in double layered materials using the reciprocity functional approach},
   journal = {Applied Thermal Engineering},
   year = 2016,
   volume = 100,
   pages = {1173--1178},
   publisher = "Elsevier"
}

@ARTICLE{artigo_mcmc,
   author = "Carlos A. A. Mota and Helcio R. B. Orlande and Mario Olavo M. De Carvalho and Ville Kolehmainen and Jari P. Kaipio",
   title = {Bayesian Estimation of Temperature-Dependent Thermophysical Properties and Transient Boundary Heat Flux},
   journal = {Heat Transfer Engineering},
   year = 2011,
   month = oct,
   volume = {31(7)},
   pages = {570--580},
   publisher = {Taylor \& Francis}
}

@ARTICLE{artigo_colaco_1,
   author = "M. J. Colaço and C. J. S. Alves and H. R. B. Orlande",
   title = {Non-intrusive transient method for estimating spatial thermal contact resistance using the reciprocity functional approach},
   journal = {4 th Inverse Problems, Design and Optimization Symposium (IPDO)},
   year = 2013,
   month = jun,
   address = "Albi, France"
}

@ARTICLE{artigo_colaco_2,
   author = "M. J. Colaço and C. J. S. Alves and H. R. B. Orlande",
   title = {Transient non-intrusive method for estimating spatial thermal contact conductance by means of the reciprocity functional approach and the method of fundamental solutions},
   journal = {Inverse Problems in Science and Engineering},
   year = {2014},
   volume = 23,
   number = 4,
   pages = {688--717}, 
   publisher = {Taylor \& Francis}
}

@ARTICLE{artigo_colaco_3,
   author = "M. J. Colaço and C. J. S. Alves",
   title = {A backward reciprocity function to estimate spatial and transient unknown heat fluxes in multilayered composites using non-intrusive measurements},
   journal = {8 th International Conference on Inverse Problems in Engineering – ICIPE},
   year = {2014},
   month = may,
   address = "Cracóvia, Polônia"
}

@ARTICLE{artigo_colaco_4,
   author = "M. J. Colaço and C. J. S. Alves",
   title = {A backward reciprocity function approach to the estimation of spatial and transient thermal contact conductance in double-layered materials using non-intrusive measurements},
   journal = {Numerical Heat Transfer},
   year = {2015},
   volume = 68,
   number = 2,
   pages = {117--132}, 
   publisher = {Taylor \& Francis}
}

@ARTICLE{artigo_alves,
   author = "C. J. S. Alves and N.F.M. Martins",
   title = {The direct method of fundamental solutions and the inverse Kirsch-Kress method for the reconstruction of elastic inclusions or cavities},
   journal = {Journal of Integral Equations and Applications},
   year = 2009,
   volume = 21,
   number = 2,
   pages = {153--178}, 
   publisher = "Rocky Mountain Mathematics Consortium"
}

@ARTICLE{artigo_padilha_1,
   author = "R. S. Padilha and M. J. Colaço",
   title = {Analytical non-intrusive technique to estimate thermal contact conductances in double layered materials by combining the reciprocity functional and the integral transform approaches},
   journal = {23rd International Congress of Mechanical Engineering-COBEM, COB-2015-2704},
   year = 2015,
   month = dec,
   address = "Rio de Janeiro, RJ, Brasil",
   publisher = "Associação Brasileira de Engenharia e Ciências Mecânicas - ABCM"
}

@ARTICLE{artigo_padilha_2,
   author = "R. S. Padilha and M. J. Colaço and L. A. S. Abreu and others",
   title = {A fully analytical method for determining thermal contact conductances in double-layered materials using the reciprocity functional and the integral transform approach},
   journal = {1 st Pacific Rim Thermal Engineering Conference-PRTEC, PRTEC-14990},
   year = {2016},
   month = mar,
   address = "Hawaii’s Big Island, USA",
   publisher = "Associação Brasileira de Engenharia e Ciências Mecânicas - ABCM"
}

@ARTICLE{artigo_padilha_3,
   author = "R. S. Padilha and M. J. Colaço and L. A. S. Abreu and others",
   title = {An analytical method to estimate spatially-varying thermal contact conductances using the reciprocity functional and the integral transform methods: theory and experimental validation},
   journal = {International Journal of Heat and Mass Transfer},
   volume = 100,
   year = {2016},
   month = sep,
   pages = {599--607},   
   publisher = "Elsevier"
}
