%% This BibTeX bibliography file was created using BibDesk.
%% https://bibdesk.sourceforge.io/

%% Created for Leandro Sphaier at 2019-11-14 16:57:48 -0300 


%% Saved with string encoding Unicode (UTF-8) 



@article{ritchie1983,
	Author = {Ritchie, G S},
	Journal = {Trans. ASME, J. Lub. Tech.},
	Number = {3},
	Pages = {375-376},
	Title = {Nonlinear Dynamic Characteristics of a Finite Journal Bearing},
	Volume = {1},
	Year = {1983}}

@book{kincaid1991,
	Address = {Pacific Grove, California},
	Author = {Kincaid, D and Cheney, W},
	Publisher = {Brooks/Cole Publ. Co.},
	Title = {Numerical Analysis},
	Year = {1991}}

@inproceedings{silver1991,
	Author = {Silver, K},
	Booktitle = {D.I. Raitt, Ed., 9th International Online Information Meeting, 3-5 December 1990 London},
	Pages = {323-330},
	Publisher = {Oxford: Learned Information},
	Title = {Electronic Mail: The New Way to Communicate},
	Year = {1991}}

@phdthesis{erdas1983,
	Author = {Erdas, G},
	Date-Modified = {2019-11-14 16:57:48 -0300},
	School = {METU Mech. Eng. Dept., Ankara},
	Title = {Free Vibration Analysis of Beams and Plates Using Finite Element Method},
	Type = {Master's Thesis},
	Year = {1983}}
